 @MISC{nfd-android,
 	AUTHOR = {Afanasyev, Alex and Yeo, Ivan and Zhang, Lixia and Zhang, Beichuan and Shi, Junxiao and Huang, Yi and  Mehrotra, Sanjeev and Tang, Zhou and Newberry, Eric and Zhang, Haitao and Pi, Lei},
 	TITLE = {{NFD on Android}},
 	HOWPUBLISHED = {\url{https://github.com/named-data-mobile/NFD-android}},
 	NOTE = {Accessed: 2017-3-5}
 }
 
@MISC{ndn-whiteboard,
 	AUTHOR = {Gouthaman, Sumit and Huang, Peter and Afanasyev, Alex and Bankole, Peter},
 	TITLE = {{NDN Shared Whiteboard Project}},
 	HOWPUBLISHED = {\url{https://github.com/named-data-mobile/apps-NDN-Whiteboard}},
 	NOTE = {Accessed: 2017-3-5}
}

@article{ndn,
	author = {Zhang, Lixia and Afanasyev, Alexander and Burke, Jeffrey and Jacobson, Van and claffy, kc and Crowley, Patrick and Papadopoulos, Christos and Wang, Lan and Zhang, Beichuan},
	title = {Named Data Networking},
	journal = {SIGCOMM Comput. Commun. Rev.},
	issue_date = {July 2014},
	volume = {44},
	number = {3},
	month = jul,
	year = {2014},
	issn = {0146-4833},
	pages = {66--73},
	numpages = {8},
	url = {http://doi.acm.org/10.1145/2656877.2656887},
	doi = {10.1145/2656877.2656887},
	acmid = {2656887},
	publisher = {ACM},
	address = {New York, NY, USA},
	keywords = {future internet architecture, information-centric networking, ndn},
}

@MISC{ndn-ios,
	AUTHOR = {Shang, Wentao},
	TITLE = {{Swift NDN}},
	HOWPUBLISHED = {\url{https://github.com/wentaoshang/SwiftNDN}},
	NOTE = {Accessed: 2017-3-5}
}

@MISC{pyndn,
	AUTHOR = {Thompson, Jeff and Bannis, Adeola and spencerucla and Batista, Pedro},
	TITLE = {{PyNDN: A Named Data Networking client library with TLV wire format support in native Python}},
	HOWPUBLISHED = {\url{https://github.com/named-data/PyNDN2}},
	NOTE = {Accessed: 2017-3-5}
}

@MISC{pyautogui,
	AUTHOR = {Sweigart, Al},
	TITLE = {{PyAutoGUI}},
	HOWPUBLISHED = {\url{https://pyautogui.readthedocs.io/en/latest/}},
	NOTE = {Accessed: 2017-3-5}
}

@MISC{jndn,
	AUTHOR = {Thompson, Jeff and Brown, Andrew},
	TITLE = {{jNDN}},
	HOWPUBLISHED = {\url{https://github.com/named-data/jndn}},
	NOTE = {Accessed: 2017-4-30}
}

@MISC{cipher,
	AUTHOR = {{Oracle}},
	TITLE = {{Cipher Encryption Algorithms}},
	HOWPUBLISHED = {\url{http://docs.oracle.com/javase/8/docs/technotes/guides/security/StandardNames.html#Cipher}},
	NOTE = {Accessed: 2017-4-30}
}

@MISC{pycrypto,
	AUTHOR = {Litzenberger, Dwayne},
	TITLE = {{PyCrypto - The Python Cryptography Toolkit}},
	HOWPUBLISHED = {\url{https://www.dlitz.net/software/pycrypto/}},
	NOTE = {Accessed: 2017-5-19}
}

@MISC{nfd,
	AUTHOR = {{Named Data Networking}},
	TITLE = {{NFD - Named Data Networking Forwarding Daemon}},
	HOWPUBLISHED = {\url{https://named-data.net/doc/NFD/current/}},
	NOTE = {Accessed: 2017-5-19}
}

@MISC{python3,
	AUTHOR = {{Python Software Foundation}},
	TITLE = {{Python 3.6.1 documentation}},
	HOWPUBLISHED = {\url{https://docs.python.org/3/}},
	NOTE = {Accessed: 2017-5-19}
}

@MISC{rfc8018,
	author="K. Moriarty and B. Kaliski and A. Rusch",
	title="{PKCS \#5: Password-Based Cryptography Specification Version 2.1}",
	howpublished="RFC 8018 (Informational)",
	series="Internet Request for Comments",
	type="RFC",
	number="8018",
	pages="1--40",
	year=2017,
	month=jan,
	issn="2070-1721",
	publisher="RFC Editor",
	institution="RFC Editor",
	organization="RFC Editor",
	address="Fremont, CA, USA",
	url="https://www.rfc-editor.org/rfc/rfc8018.txt",
	key="RFC 8018",
	abstract={This document provides recommendations for the implementation of password-based cryptography, covering key derivation functions, encryption schemes, message authentication schemes, and ASN.1 syntax identifying the techniques. This document represents a republication of PKCS \#5 v2.1 from RSA Laboratories' Public-Key Cryptography Standards (PKCS) series. By publishing this RFC, change control is transferred to the IETF. This document also obsoletes RFC 2898.},
	keywords="password-based encryption, password-based key derivation, salt",
	doi="10.17487/RFC8018",
}

@MISC{synergy,
	AUTHOR = {{Symless}},
	TITLE = {{Synergy - Mouse and keyboard sharing software}},
	HOWPUBLISHED = {\url{https://symless.com/synergy}},
	NOTE = {Accessed: 2017-5-22}
}

@MISC{ndnMouseGH,
	AUTHOR = {Minner, Wesley},
	TITLE = {{ndnMouse - Github}},
	HOWPUBLISHED = {\url{https://github.com/wminner/ndnMouse}},
	NOTE = {Accessed: 2017-5-23}
}

@MISC{ndnMouseGP,
	AUTHOR = {Minner, Wesley},
	TITLE = {{ndnMouse - Google Play Store}},
	HOWPUBLISHED = {\url{https://play.google.com/store/apps/details?id=edu.ucla.cs.ndnmouse}},
	NOTE = {Accessed: 2017-5-23}
}

@MISC{twisted,
	AUTHOR = {{Twisted Matrix Labs}},
	TITLE = {{Twisted}},
	HOWPUBLISHED = {\url{https://twistedmatrix.com/trac/}},
	NOTE = {Accessed: 2017-5-23}
}

@MISC{nodejs,
	AUTHOR = {{Node.js Foundation}},
	TITLE = {{Node.js}},
	HOWPUBLISHED = {\url{https://nodejs.org/en/about/}},
	NOTE = {Accessed: 2017-5-23}
}

@inproceedings{chronosync,
	title={Let's chronosync: Decentralized dataset state synchronization in named data networking},
	author={Zhu, Zhenkai and Afanasyev, Alexander},
	booktitle={Network Protocols (ICNP), 2013 21st IEEE International Conference on},
	pages={1--10},
	year={2013},
	organization={IEEE}
}

@MISC{justintaylor,
	AUTHOR = {Taylor, Justin},
	TITLE = {Android Desktop Remote Control},
	HOWPUBLISHED = {\url{https://github.com/justin-taylor/Android-Desktop-Remote-Control}},
	NOTE = {Accessed: 2017-5-26}
}

@MISC{mobilemouse,
	AUTHOR = {Zhang, Lei},
	TITLE = {Mobile Mouse},
	HOWPUBLISHED = {\url{https://github.com/tuesda/mobilemouse}},
	NOTE = {Accessed: 2017-5-26}
}

@MISC{remotemouse,
	AUTHOR = {{Remote Mouse}},
	TITLE = {Remote Mouse},
	HOWPUBLISHED = {\url{https://play.google.com/store/apps/details?id=com.hungrybolo.remotemouseandroid}},
	NOTE = {Accessed: 2017-5-26}
}

@MISC{wifimouse,
	AUTHOR = {{WiFi Mouse}},
	TITLE = {WiFi Mouse},
	HOWPUBLISHED = {\url{https://play.google.com/store/apps/details?id=com.necta.wifimousefree}},
	NOTE = {Accessed: 2017-5-26}
}

@MISC{wireshark,
	AUTHOR = {{G. Combs et al.}},
	TITLE = {Wireshark},
	HOWPUBLISHED = {\url{https://www.wireshark.org/}},
	NOTE = {Accessed: 2017-5-26}
}